
@book{bundesamt_fur_sicherheit_in_der_informationstechnik_einfuhrung_2013,
	title = {Einführung Hochverfügbarkeit: Eine herausfordernde Ausgabenstellung für ein professionelles {IT}-Service Management},
	author = {{Bundesamt für Sicherheit in der Informationstechnik}},
	date = {2013},
	keywords = {external},
}

@book{portnoy_virtualisierung_2012,
	title = {Virtualisierung für Einsteiger},
	author = {Portnoy, Matthew},
	date = {2012},
	keywords = {external},
}

@incollection{ieee_high_2010,
	title = {High Availability},
	booktitle = {{IEEE} Task Force on Cluster Computing},
	author = {{IEEE}},
	date = {2010},
	keywords = {external},
}

@article{frey_hochverfugbarkeit_2010,
  title={Hochverfugbarkeit fur Datenbanken auf iSCSI Basis},
  author={Frey, Stefan and Kolinski, Christian},
  journal={informatikJournal},
  pages={85},
  year={2010}
}
